@book {MR1715145,
    AUTHOR = {Curtis, Charles W.},
     TITLE = {Pioneers of representation theory: {F}robenius, {B}urnside,
              {S}chur, and {B}rauer},
    SERIES = {History of Mathematics},
    VOLUME = {15},
 PUBLISHER = {American Mathematical Society, Providence, RI; London
              Mathematical Society, London},
      YEAR = {1999},
     PAGES = {xvi+287},
      ISBN = {0-8218-9002-6},
   MRCLASS = {20-03 (01A55 01A60 01A70 20C15 20C30 20G05)},
  MRNUMBER = {1715145},
MRREVIEWER = {Peter M. Neumann},
       DOI = {10.1016/s0370-2693(99)01288-5},
       URL = {https://doi.org/10.1016/s0370-2693(99)01288-5},
}
